
@article{mejia_surface_2002,
	title = {Surface second-harmonic generation from {Si(111)(1$\\\times$1)H}: Theory versus experiment},
	volume = {66},
	shorttitle = {Surface second-harmonic generation from Si (111)(1\${\textbackslash}times\$ 1) H},
	url = {http://prb.aps.org/abstract/PRB/v66/i19/e195329},
	number = {19},
	urldate = {2013-02-08},
	journal = {Physical Review B},
	author = {Mejia, J. E. and Mendoza, B. S. and Palummo, M. and Onida, G. and Del Sole, R. and Bergfeld, S. and Daum, W.},
	year = {2002},
	pages = {195329},
	file = {PhysRevB.66.195329.pdf:/Users/sma/Documents/zotero/storage/PGRR5I4V/PhysRevB.66.195329.pdf:application/pdf}
}