\bibitem{downer01} For recent reviews see M.~Downer, B.~S.~Mendoza, and
V.~I. Gavrilenko, Surf. Interface Anal. {\bf 31}, 966-986 (2001), and
G.~L\"upke,  Surf. Sci. Reports {\bf 35},  75
(1999), and references therein.

\bibitem{mendoza01a} B. Mendoza, M. Palummo, R. Del Sole and
G. Onida,
Phys. Rev. B
{\bf 63}, 205406-1/6 (2001).

\bibitem{lim00}
M. C. Downer, J. G. Ekerdt, {\it N. Arzate}, Bernardo S.
Mendoza, V. Garvrilenko and R. Wu,  Phys. Rev. Lett.
{\bf 84}, 3406 (2000).

\bibitem{gav00} V. I. Gavrilenko, R. Q. Wu, M. C. Downer, J. G. Ekerdt,
D. Lim,  L. Mantese, and P. Parkinson. {\it Thin Solid Films},  {\bf
364}, 1 (2000).

\bibitem{mendoza99}B.~S. Mendoza,  W.~L. Moch\'an,
and J.~A.  Maytorena, Phys. Rev. B  {\bf 60}, 14334 (1999).

\bibitem{mendoza98a}B.~S. Mendoza,  A.~Gaggiotti,  and R.~D. Sole,
Phys. Rev. Lett. {\bf 81},  3781 (1998).

\bibitem{mendoza96} B.~S. Mendoza and  W.~L. Moch\'an,  Phys. Rev. B
{\bf 53},  10473 (1996); ibid
{\bf 55},  2489 (1997).

\bibitem{guyot90} P.~Guyot-Sionnest,  A.~Tadjedinne,
and A.~Liebsch,  Phys. Rev. Lett.  {\bf 64}, 1678  (1990).

\bibitem{mendoza01b}
B. S. Mendoza,
Epioptics 2000,
Ed. A. Cricenti, World Scientific 2001,
ISBN 981-02-4771-0,
p. 99-108.

\bibitem{arzate00} N. Arzate and Bernardo S. Mendoza,
Phys. Rev. B {\bf 63}, 125303-1/14 (2001).

\bibitem{aversa95} C.~Aversa and J.~E.~Sipe, Phys. Rev. B {\bf 52}, 14636
(1995).

\bibitem{sipe00} J.~E.~Sipe and A.~I.~Shkrebtii, Phys. Rev. B {\bf 61},
5337 (2000).

\bibitem{lambrecht00} W.~R.~L.~Lambertch and S.~N.~Rashkeev, phys. stat.
sol. (b) {\bf 217}, 599 (2000).


\bibitem{blount}E. I. Blount, {\it Solid State Physics: Advances in
  research and applications} (Academic, New York, 1962) Vol. 13.

\bibitem{reiningPRB94}
L. Reining, R. Del Sole, M. Cini, and J. G. Ping,
Phys. Rev. B {\bf 50}, 8411 (1994).

\bibitem{mendozaPRB01}
Bernardo S. Mendoza, Maurizia Palummo, Giovanni Onida and Rodolfo Del Sole,
Phys. Rev. B
{\bf 63}, 205406 (2001).

\bibitem{mejiaSMF04}
J. Mej\'{\i}a, C. Salazar, Bernardo S. Mendoza,
Revista Mexicana de F\'{\i}sica
{\bf 50}, 134 (2004).

\bibitem{hoganPRB03}
Conor Hogan, Rodolfo Del Sole and Giovanni Onida, Phys. Rev. B
{\bf 68}, 035405 (2003).

\bibitem{castilloPRB03}
C. Castillo, Bernardo S. Mendoza, W. G. Schmidt, P. H. Hahn and F. Bechstedt,
Phys. Rev. B 
{\bf 68}, R041310 (2003).

\bibitem{mendozaPRB06}
Bernardo S. Mendoza, F. Nastos, N. Arzate and J.E. Sipe,
Phys. Rev. B {\bf 74}, 075318 (2006).

\bibitem{Jackson75} J. D. Jackson, {\it Classical electrodynamics}, John
Wiley {\&} Sons, New York, 1975, 2nd Ed. p. 282.

\bibitem{rashkeev98} S.~N.~Rashkeev, W.~R.~L. Lambrecht, and B.~Segall,
Phys. Rev. B {\bf 57}, 3905 (1998).

\bibitem{Cini91} M.~ Cini, Phys. Rev. B {\bf 43}, 4792 (1991).

\bibitem{Mizrahi88}V.~ Mizrahi and J.E.~ Sipe
J. Opt. Soc. Am. B {\bf 5}, 660 (1988).

\bibitem{mejia01}
J. Mej\'{\i}a and B.S. Mendoza, Surf. Science {\bf 487/1-3},
180-190 (2001).

\bibitem{aschcroft}
N.W. Ashcroft and N.D. Mermin, 
{\it Solid State Physics},
Saunders College, Philadelphia, 1976.

\bibitem{nastosPRB05}
F. Nastos, B. Olejnik, K. Schwarz and J. E. Sipe, Phys. Rev. B {\bf 72}, 045223 (2005).

\bibitem{cabellosPRB09}
J. L. Cabellos, Bernardo S. Mendoza, M. A. Escobar, F. Nastos, and J. E. Sipe
 Phys. Rev. B {\bf 80}, 155205 (2009).

\bibitem{mottaCMS10}
Carlo Motta, Matteo Giantomassi, Marco Cazzaniga, Katalin GaaÃÅl-Nagy,
Xavier Gonze,
Computational Materials Science, {\bf 50} 698-703 (2010). 

\bibitem{kleinmanPRL82}
L. Kleinman, S.M. Bylander, Phys. Rev. Lett. 48 (1982) 1425.

\bibitem{adolphPRB96}
B. Adolph, Phys. Rev. B 53 (1996) 9797.

\bibitem{francesco}  
cita?

\bibitem{cual} 
cita?

\bibitem{valerie} V. Veniard, private communication. 
The term, $\calt^{\rma\rmb}_{nm}(\bfk)$, besides being a
  term with a small numerical value, its computational 
time is 
at least an
  order of magnitude larger than what it takes to calculate all other
  terms involved in the expressions for
  $\chi^{s,\ell}_{\rma\rmb\rmc}$. Thus, we neglect it throughout the article.
